%=================================================
%% 2 percentage signs represent comments for code;
% 1 percentage sign represents commented out code

%% CV that has easy bibliographic implementation
%% Paul Le Tran. Last updated 9 October, 2021
%=================================================

%=================================================
@thesis{tbmodelling,
  author = {Paul L Tran},
  year = {2017},
  title = {\textit{\href{https://drive.google.com/file/d/0B1o_SCwTPL6TaEZuZ0ZBdXhlRms/view?usp=sharing}{Mathematically Modelling the Dynamics of Tuberculosis}}},
  type = {BA, Mathematics thesis},
  institution = {Pomona College},
  school = {Pomona College}
}

@thesis{extprofitstheory,
  author = {Derrick Choe and Paul L Tran},
  year = {2017},
  title = {\textit{\href{https://drive.google.com/file/d/0B1o_SCwTPL6TRzI3clFtbGdiVk0/view?usp=sharing}{An Extension to the Profits Theory of Investment: Less Competition, More Growth?}} {[Stata]}},
  type = {BA, Mathematical Economics thesis},
  institution = {Pomona College},
  school = {Pomona College}
}

@techreport{evercore,
  author = {Eugenio Pinto and Paul L Tran},
  year = {2020},
  title = {``How Useful is the Evercore ISI Capital Goods Companies Survey in Forecasting Orders and Shipments of Capital Goods?''},
  type = {FEDS Notes},
  institution = {Washington: Board of Governors of the Federal Reserve System}
}
%=================================================