%=================================================
%% 2 percentage signs represent comments for code;
% 1 percentage sign represents commented out code

%% Bibliography file that contains publications
%% Paul L. Tran
%% Last updated 15 October, 2024.
%=================================================

%=================================================
@thesis{ct_econthesis,
  author = {Derrick Choe and Paul L. Tran},
  day = {22},
  month = {04},
  year = {2017},
  title = {\textit{\href{http://economics-files.pomona.edu/garysmith/Econ190/econ190.html}{An Extension to the Profits Theory of Investment: Less Competition, More Growth?}}},
  type = {BA thesis},
  school = {Pomona College}
}

@thesis{tran_mathsthesis,
  author = {Paul L. Tran},
  day = {12},
  month = {05},
  year = {2017},
  title = {\textit{\href{https://drive.google.com/file/d/0B1o_SCwTPL6TaEZuZ0ZBdXhlRms/view?usp=sharing}{Mathematically Modelling the Dynamics of Tuberculosis}}},
  type = {BA thesis},
  school = {Pomona College}
}
%=================================================