%=================================================
%% 2 percentage signs represent comments for code;
% 1 percentage sign represents commented out code

%% Bibliography file that contains publications
%% Paul L. Tran
%% Last updated 15 Oct, 2024.
%=================================================

%=================================================
@techreport{tran_opecnn,
  author = {Paul L. Tran},
  month = {02},
  year = {2024},
  title = {OPEC Statements and Neural Networks and Text Shocks, Oh My!},
  doi = {https://dx.doi.org/10.2139/ssrn.4968664},
  note = {SSRN Working Paper No 4968664.}
}
%=================================================